<record><leader>01737cas a2200469 a 4500</leader><controlfield tag="001">102110798</controlfield><controlfield tag="003">MiAaHDL</controlfield><controlfield tag="005">20170522000000.0</controlfield><controlfield tag="006">m        d        </controlfield><controlfield tag="007">cr bn ---auaua</controlfield><controlfield tag="008">800420c19789999dcugr1   s   f0uuua0eng d</controlfield><datafield tag="010" ind1=" " ind2=" "><subfield code="a">80645064 //r812</subfield></datafield><datafield tag="022" ind1="1" ind2=" "><subfield code="a">0271-8618</subfield></datafield><datafield tag="035" ind1=" " ind2=" "><subfield code="a">sdr-ucr.b27073208</subfield></datafield><datafield tag="040" ind1=" " ind2=" "><subfield code="a">GPO</subfield><subfield code="c">GPO</subfield><subfield code="d">DLC</subfield><subfield code="d">NSD</subfield><subfield code="d">m.c.</subfield><subfield code="d">DLC</subfield><subfield code="d">NSD</subfield><subfield code="d">DLC</subfield><subfield code="d">NST</subfield><subfield code="d">GPO</subfield><subfield code="d">MvI-ocs</subfield><subfield code="d">MvI-ocs</subfield></datafield><datafield tag="042" ind1=" " ind2=" "><subfield code="a">lc</subfield><subfield code="a">nsdp</subfield></datafield><datafield tag="043" ind1=" " ind2=" "><subfield code="a">n-us---</subfield></datafield><datafield tag="049" ind1="9" ind2="9"><subfield code="a">RECLAMATION</subfield></datafield><datafield tag="074" ind1=" " ind2=" "><subfield code="a">768-C-4 (MF)</subfield></datafield><datafield tag="086" ind1="0" ind2=" "><subfield code="a">L 2.3/6:</subfield></datafield><datafield tag="086" ind1="0" ind2=" "><subfield code="a">L 2.3:</subfield></datafield><datafield tag="098" ind1=" " ind2=" "><subfield code="a">L236</subfield></datafield><datafield tag="098" ind1=" " ind2=" "><subfield code="a">L23</subfield></datafield><datafield tag="099" ind1=" " ind2="8"><subfield code="a">L 2.3/6:</subfield></datafield><datafield tag="035" ind1=" " ind2=" "><subfield code="a">(OCoLC)6257547</subfield></datafield><datafield tag="222" ind1="0" ind2="0"><subfield code="a">Union wages and benefits: printing trades</subfield></datafield><datafield tag="245" ind1="0" ind2="0"><subfield code="a">Union wages and benefits.</subfield><subfield code="p">Printing trades /</subfield><subfield code="c">U.S. Department of Labor, Bureau of Labor Statistics.</subfield></datafield><datafield tag="260" ind1="0" ind2="0"><subfield code="a">[Washington, D.C.] :</subfield><subfield code="b">The Bureau :</subfield><subfield code="b">[Supt. of Docs., U.S. G.P.O., distributor,</subfield></datafield><datafield tag="265" ind1=" " ind2=" "><subfield code="a">Supt. of Docs., U.S. Govt. Print. Off., Washington, D.C. 20402</subfield></datafield><datafield tag="300" ind1=" " ind2=" "><subfield code="a">v. ;</subfield><subfield code="c">28 cm.</subfield></datafield><datafield tag="310" ind1=" " ind2=" "><subfield code="a">Biennial</subfield></datafield><datafield tag="362" ind1="1" ind2=" "><subfield code="a">Began with 1977/78.</subfield></datafield><datafield tag="490" ind1="0" ind2=" "><subfield code="a">Bulletin</subfield></datafield><datafield tag="538" ind1=" " ind2=" "><subfield code="a">Mode of access: Internet.</subfield></datafield><datafield tag="650" ind1=" " ind2="0"><subfield code="a">Printing industry</subfield><subfield code="z">United States</subfield><subfield code="x">Employees</subfield><subfield code="x">Statistics</subfield><subfield code="x">Periodicals.</subfield></datafield><datafield tag="650" ind1=" " ind2="0"><subfield code="a">Hours of labor</subfield><subfield code="z">United States</subfield><subfield code="x">Statistics</subfield><subfield code="x">Periodicals.</subfield></datafield><datafield tag="650" ind1=" " ind2="0"><subfield code="a">Employee fringe benefits</subfield><subfield code="z">United States</subfield><subfield code="x">Statistics</subfield><subfield code="x">Periodicals.</subfield></datafield><datafield tag="650" ind1=" " ind2="0"><subfield code="a">Wages</subfield><subfield code="x">Printers</subfield><subfield code="z">United States</subfield><subfield code="x">Statistics</subfield><subfield code="x">Periodicals.</subfield></datafield><datafield tag="710" ind1="1" ind2="0"><subfield code="a">United States.</subfield><subfield code="b">Bureau of Labor Statistics.</subfield></datafield><datafield tag="760" ind1="0" ind2=" "><subfield code="t">Bulletin (United States. Bureau of Labor Statistics)</subfield></datafield><datafield tag="780" ind1="0" ind2="0"><subfield code="t">Union wages and hours. Printing trades</subfield></datafield><datafield tag="CID" ind1=" " ind2=" "><subfield code="a">102110798</subfield></datafield><datafield tag="DAT" ind1="0" ind2=" "><subfield code="a">19920504000000.0</subfield><subfield code="b">20170522000000.0</subfield></datafield><datafield tag="DAT" ind1="1" ind2=" "><subfield code="a">20170523090833.0</subfield><subfield code="b">2021-01-04T18:38:38Z</subfield></datafield><datafield tag="CAT" ind1=" " ind2=" "><subfield code="a">SDR-UCR</subfield><subfield code="d">III - MILLENIUM</subfield><subfield code="l">prepare.pl-004-007</subfield></datafield><datafield tag="FMT" ind1=" " ind2=" "><subfield code="a">SE</subfield></datafield><datafield tag="HOL" ind1=" " ind2=" "><subfield code="0">sdr-ucr.b27073208</subfield><subfield code="a">uc1</subfield><subfield code="b">SDR</subfield><subfield code="c">UCR</subfield><subfield code="p">uc1.31210013531445</subfield><subfield code="s">UC</subfield><subfield code="z">2049</subfield><subfield code="1">.b27073208</subfield></datafield><datafield tag="974" ind1=" " ind2=" "><subfield code="b">UC</subfield><subfield code="c">UCR</subfield><subfield code="d">20210104</subfield><subfield code="s">google</subfield><subfield code="u">uc1.31210013531445</subfield><subfield code="z">2049</subfield><subfield code="r">pd</subfield><subfield code="q">bib</subfield><subfield code="t">US fed doc</subfield></datafield><datafield tag="974" ind1=" " ind2=" "><subfield code="b">UC</subfield><subfield code="c">UCR</subfield><subfield code="d">20210104</subfield><subfield code="s">google</subfield><subfield code="u">uc1.31210005901341</subfield><subfield code="z">2125</subfield><subfield code="r">pd</subfield><subfield code="q">bib</subfield><subfield code="t">US fed doc</subfield></datafield></record>